<?xml version="1.0" encoding="UTF-8"?><collection xmlns="http://www.loc.gov/MARC21/slim"><record><leader>00481nam--2200145-i-4500</leader><controlfield tag="001">000002158</controlfield><controlfield tag="002">20161230</controlfield><controlfield tag="005">20161230201024</controlfield><controlfield tag="008">060222s1000------------r-----000-0-eng-d</controlfield><datafield ind1=" " ind2=" " tag="080"><subfield code="a">67</subfield></datafield><datafield ind1=" " ind2=" " tag="100"><subfield code="a">Donnay, J.D.H., Nowacki, Werner</subfield></datafield><datafield ind1=" " ind2=" " tag="245"><subfield code="a">Crystal data.classification of substances by space group and their identification from cell dimensions</subfield></datafield><datafield ind1=" " ind2=" " tag="260"><subfield code="a">New York, The Geological Society Of America, 1954. Ix + 719 P</subfield></datafield><datafield ind1=" " ind2=" " tag="490"><subfield code="a">Geological Society Of America</subfield></datafield><datafield ind1=" " ind2=" " tag="852"><subfield code="a">10622</subfield></datafield></record></collection>